@book{trigeorgis1995real,
  title={Real options in capital investment: Models, strategies, and applications},
  author={Trigeorgis, Lenos},
  year={1995},
  publisher={Greenwood Publishing Group}
}

@book{trigeorgis1996real,
  Author = {Trigeorgis, Lenos},
  ISBN = {9780262201025},
  Publisher = {MIT Press},
  Title = {Real Options : Managerial Flexibility and Strategy in Resource Allocation.},
  Year = {1996},
}

@article{mcdonald1986value,
  title={The value of waiting to invest},
  author={McDonald, Robert and Siegel, Daniel},
  journal={The Quarterly Journal of Economics},
  volume={101},
  number={4},
  pages={707--727},
  year={1986},
  publisher={MIT Press}
}

@book{schumerich2010real,
  author={Schulmerich, Marcus},
  year={2010},
  title={Real options valuation: the importance of interest rate modelling in theory and practice},
  publisher={Springer},
}

@article{kulatilaka1993value,
  title={The value of flexibility: the case of a dual-fuel industrial steam boiler},
  author={Kulatilaka, Nalin},
  journal={Financial management},
  pages={271--280},
  year={1993},
  publisher={JSTOR}
}

@article{majd1987time,
  title={Time to build, option value, and investment decisions},
  author={Majd, Saman and Pindyck, Robert S},
  journal={Journal of financial Economics},
  volume={18},
  number={1},
  pages={7--27},
  year={1987},
  publisher={Elsevier}
}

@article{myers2001abandonment,
  title={Abandonment value and project life},
  author={Myers, Stewart C and Majd, Saman},
  journal={Real Options and Investment under Uncertainty: Classical Readings and Recent Contributions. Cambridge},
  pages={295--312},
  year={2001}
}

@book{brennan2000project,
  title={Project flexibility, agency, and competition: new developments in the theory and application of real options},
  author={Brennan, Michael J and Trigeorgis, Lenos},
  year={2000},
  publisher={Oxford University Press}
}

@article{black1973pricing,
  title={The pricing of options and corporate liabilities},
  author={Black, Fischer and Scholes, Myron},
  journal={Journal of political economy},
  volume={81},
  number={3},
  pages={637--654},
  year={1973},
  publisher={The University of Chicago Press}
}

@article{cox1979option,
  title={Option pricing: A simplified approach},
  author={Cox, John C and Ross, Stephen A and Rubinstein, Mark},
  journal={Journal of financial Economics},
  volume={7},
  number={3},
  pages={229--263},
  year={1979},
  publisher={Elsevier}
}

@article{zhu2012new,
  title={A new exact solution for pricing European options in a two-state regime-switching economy},
  author={Zhu, Song-Ping and Badran, Alexander and Lu, Xiaoping},
  journal={Computers \& Mathematics with Applications},
  volume={64},
  number={8},
  pages={2744--2755},
  year={2012},
  publisher={Elsevier}
}

@article{nembhard2005real,
  title={A real options model for workforce cross-training},
  author={Nembhard, David A and Nembhard, Harriet Black and Qin, Ruwen},
  journal={The Engineering Economist},
  volume={50},
  number={2},
  pages={95--116},
  year={2005},
  publisher={Taylor \& Francis}
}

@article{kitzing2017real,
  title={A real options approach to analyse wind energy investments under different support schemes},
  author={Kitzing, Lena and Juul, Nina and Drud, Michael and Boomsma, Trine Krogh},
  journal={Applied Energy},
  volume={188},
  pages={83--96},
  year={2017},
  publisher={Elsevier}
}

@article{hossiso2017value,
  title={The value of switching production options in a flexible biorefinery},
  author={Hossiso, Kassu Wamisho and Ripplinger, David},
  journal={Agricultural and Resource Economics Review},
  volume={46},
  number={1},
  pages={146--173},
  year={2017},
  publisher={Cambridge University Press}
}

@book{dixit1994investment,
  title={Investment under uncertainty},
  author={Dixit, Avinash K and Pindyck, Robert S},
  year={1994},
  publisher={Princeton university press}
}

@article{fisch2014timing,
  title={Timing Product Replacements under Uncertaintyâ€”The Importance of Material--Price Fluctuations for the Success of Products That Are Based on New Materials},
  author={Fisch, Jan Hendrik and Ross, Jan-Michael},
  journal={Journal of Product Innovation Management},
  volume={31},
  number={5},
  pages={1076--1088},
  year={2014},
  publisher={Wiley Online Library}
}

@article{geske1979valuation,
  title={The valuation of compound options},
  author={Geske, Robert},
  journal={Journal of financial economics},
  volume={7},
  number={1},
  pages={63--81},
  year={1979},
  publisher={Elsevier}
}

@article{merton1973theory,
  title={Theory of rational option pricing},
  author={Merton, Robert C},
  journal={The Bell Journal of economics and management science},
  pages={141--183},
  year={1973},
  publisher={JSTOR}
}

@article{bhattacharya1978project,
  title={PROJECT VALUATION WITH MEAN-REVERTING CASH FLOW STREAMS},
  author={Bhattacharya, Sudipto},
  journal={The Journal of Finance},
  volume={33},
  number={5},
  pages={1317--1331},
  year={1978},
  publisher={Wiley Online Library}
}

@article{trigeorgis1991log,
  title={A log-transformed binomial numerical analysis method for valuing complex multi-option investments},
  author={Trigeorgis, Lenos},
  journal={Journal of Financial and Quantitative Analysis},
  volume={26},
  number={3},
  pages={309--326},
  year={1991},
  publisher={Cambridge University Press}
}

@article{trigeorgis1993nature,
  title={The nature of option interactions and the valuation of investments with multiple real options},
  author={Trigeorgis, Lenos},
  journal={Journal of Financial and quantitative Analysis},
  volume={28},
  number={1},
  pages={1--20},
  year={1993},
  publisher={Cambridge University Press}
}

@article{kulatilaka1995operating,
  title={Operating flexibilities in capital budgeting: substitutability and complementarity in real options},
  author={Kulatilaka, Nalin},
  journal={Real options in capital investment: Models, strategies, and applications},
  pages={121--132},
  year={1995},
  publisher={Praeger: Westport, CT}
}

@article{kulatilaka1993value,
  title={The value of flexibility: the case of a dual-fuel industrial steam boiler},
  author={Kulatilaka, Nalin},
  journal={Financial management},
  pages={271--280},
  year={1993},
  publisher={JSTOR}
}